@article{zuo2021higher,
  title={Higher Education Curriculum Evaluation Method Based on Deep Learning Model},
  author={Zuo, Mei and Wang, Jixiang},
  journal={Computational Intelligence and Neuroscience},
  volume={2021},
  year={2021},
  publisher={Hindawi}
}

@article{murre2015replication,
  title={Replication and analysis of Ebbinghausâ€™ forgetting curve},
  author={Murre, Jaap MJ and Dros, Joeri},
  journal={PloS one},
  volume={10},
  number={7},
  pages={e0120644},
  year={2015},
  publisher={Public Library of Science San Francisco, CA USA}
}

@article{bradavc2017intelligent,
  title={Intelligent tutoring systems},
  author={Brad{\'a}{\v{c}}, Vladim{\'\i}r and Kostol{\'a}nyov{\'a}, Kate{\v{r}}ina},
  journal={Journal of Intelligent Systems},
  volume={26},
  number={4},
  pages={717--727},
  year={2017},
  publisher={De Gruyter}
}

@article{becker2019childhood,
  title={Childhood intelligence, family background, and gender as drivers of socioeconomic success: The mediating role of education.},
  author={Becker, Michael and Baumert, J{\"u}rgen and Tetzner, Julia and Maaz, Kai and K{\"o}ller, Olaf},
  journal={Developmental Psychology},
  volume={55},
  number={10},
  pages={2231},
  year={2019},
  publisher={American Psychological Association}
}

@article{su2021levels,
  title={Levels of retrieval and the testing effect.},
  author={Su, Ningxin and Buchin, Zachary L and Mulligan, Neil W},
  journal={Journal of Experimental Psychology: Learning, Memory, and Cognition},
  volume={47},
  number={4},
  pages={652},
  year={2021},
  publisher={American Psychological Association}
}

@article{yuksel2020digital,
  title={Digital flashcards vs. wordlists for learning technical vocabulary},
  author={Y{\"u}ksel, H G{\"u}lru and Mercano{\u{g}}lu, H G{\"u}ldem and Y{\i}lmaz, M Bet{\"u}l},
  journal={Computer Assisted Language Learning},
  pages={1--17},
  year={2020},
  publisher={Taylor \& Francis}
}

@article{chen2018analyzing,
  title={Analyzing productive learning behaviors for students using immediate corrective feedback in a blended learning environment},
  author={Chen, Xin and Breslow, Lori and DeBoer, Jennifer},
  journal={Computers \& Education},
  volume={117},
  pages={59--74},
  year={2018},
  publisher={Elsevier}
}

@article{kompatsiari2022follow,
  title={To follow or not to follow your gaze: The interplay between strategic control and the eye contact effect on gaze-induced attention orienting.},
  author={Kompatsiari, Kyveli and Ciardo, Francesca and Wykowska, Agnieszka},
  journal={Journal of Experimental Psychology: General},
  volume={151},
  number={1},
  pages={121},
  year={2022},
  publisher={American Psychological Association}
}

@article{parker2020student,
  title={Student perceptions of the climate for diversity: The role of student--faculty interactions.},
  author={Parker III, Eugene T and Trolian, Teniell L},
  journal={Journal of Diversity in Higher Education},
  volume={13},
  number={4},
  pages={333},
  year={2020},
  publisher={Educational Publishing Foundation}
}

@article{tacoma2021combined,
  title={Combined inner and outer loop feedback in an intelligent tutoring system for statistics in higher education},
  author={Tacoma, Sietske and Drijvers, Paul and Jeuring, Johan},
  journal={Journal of Computer Assisted Learning},
  volume={37},
  number={2},
  pages={319--332},
  year={2021},
  publisher={Wiley Online Library}
}